<?xml version="1.0" encoding="UTF-8"?><collection xmlns="http://www.loc.gov/MARC21/slim"><record><leader>00325nam--2200133-i-4500</leader><controlfield tag="001">000030786</controlfield><controlfield tag="002">20161230</controlfield><controlfield tag="005">20161230201038</controlfield><controlfield tag="008">060222s1000------------r-----000-0-eng-d</controlfield><datafield ind1=" " ind2=" " tag="100"><subfield code="a">Mcdonald, Ian R</subfield></datafield><datafield ind1=" " ind2=" " tag="245"><subfield code="a">Hansen, j.p</subfield></datafield><datafield ind1=" " ind2=" " tag="260"><subfield code="a">Theory Of Simple Liquids</subfield></datafield><datafield ind1=" " ind2=" " tag="490"><subfield code="a">London, Academic Press, 1976. 395p</subfield></datafield><datafield ind1=" " ind2=" " tag="852"><subfield code="a">532.001</subfield></datafield></record></collection>